@misc{ionosphericdelay,
    author = {European Space Agency},
    title = {Ionospheric Delay},
    howpublished = {\url{https://gssc.esa.int/navipedia/index.php/Ionospheric_Delay}},
    year = {2011},
    note = {Accessed: July 31, 2025}
}

@misc{forte,
    author = {Earth Observation Portal},
    title = {FORTE (Fast On-Orbit Recording of Transient Events) / P94-1},
    howpublished = {\url{https://www.eoportal.org/satellite-missions/forte}},
    year = {2022},
    note = {Accessed: July 30, 2025}
}
@misc{edfenimore,
  author = {Fenimore, Ed},
  howpublished = {Personal communication},
  note = {Meetings with Ed Fenimore conducted online and in person from June- July 2025}
}